<?xml version="1.0" encoding="UTF-8"?><collection xmlns="http://www.loc.gov/MARC21/slim"><record><leader>00378nam--2200145-i-4500</leader><controlfield tag="001">000035014</controlfield><controlfield tag="002">20161230</controlfield><controlfield tag="005">20161230201040</controlfield><controlfield tag="008">060222s1000------------r-----000-0-eng-d</controlfield><datafield ind1=" " ind2=" " tag="080"><subfield code="a">061</subfield></datafield><datafield ind1=" " ind2=" " tag="100"><subfield code="a">Nielsen, Waldemar A</subfield></datafield><datafield ind1=" " ind2=" " tag="245"><subfield code="a">The big foundations</subfield></datafield><datafield ind1=" " ind2=" " tag="260"><subfield code="a">New York, Columbia University Press, 1972. Xii+475p</subfield></datafield><datafield ind1=" " ind2=" " tag="490"><subfield code="a">A Twentieth Century Fund Study</subfield></datafield><datafield ind1=" " ind2=" " tag="852"><subfield code="a">41280</subfield></datafield></record></collection>